@article{shao+:1994:unrolling-lists,
	Acmid = {182453},
	Address = {New York, NY, USA},
	Author = {Shao, Zhong and Reppy, John H. and Appel, Andrew W.},
	Date-Added = {2013-10-11 00:32:35 +0000},
	Date-Modified = {2013-10-11 00:32:43 +0000},
	Doi = {10.1145/182590.182453},
	Issn = {1045-3563},
	Issue_Date = {July-Sept. 1994},
	Journal = {SIGPLAN Lisp Pointers},
	Month = jul,
	Number = {3},
	Numpages = {11},
	Pages = {185--195},
	Publisher = {ACM},
	Title = {Unrolling lists},
	Url = {http://doi.acm.org/10.1145/182590.182453},
	Volume = {VII},
	Year = {1994}}

@inproceedings{filliatre+:2006:type-safe-modular,
	Acmid = {1159880},
	Address = {New York, NY, USA},
	Author = {Filli\^{a}tre, Jean-Christophe and Conchon, Sylvain},
	Booktitle = {Proceedings of the 2006 Workshop on ML},
	Date-Modified = {2013-10-05 10:30:00 +0000},
	Doi = {10.1145/1159876.1159880},
	Isbn = {1-59593-483-9},
	Keywords = {data structures, hash-consing, sharing},
	Location = {Portland, Oregon, USA},
	Numpages = {8},
	Pages = {12--19},
	Publisher = {ACM},
	Series = {ML '06},
	Title = {Type-safe Modular Hash-consing},
	Url = {http://doi.acm.org/10.1145/1159876.1159880},
	Year = {2006}}
