@inproceedings{garg:2006:usim,
	Author = {A. Garg, V. Sankaranarayanan, S. Upadhyaya and K. Kwiat},
	Location = {39th Annual Simulation Symposium},
	Title = {USim: A User Behavior Simulation Framework for Training and Testing IDSes in GUI Based Systems},
	Year = {2006}}
	
@inproceedings{barse:2014:synthesizing-test-data,
	Author = {Emilie Lundin Barse, Hakan Kvarnstrom and Erland Jonsson},
	Location = {19th Annual Computer Security Applications Conference},
	Title = {Synthesizing Test Data for Fraud Detection Systems},
	Year = {2003}}

@inproceedings{sibson:2014:vncdotool,
	Author = {Marc Sibson},
	Title = {VNCdotool. https://github.com/sibson/vncdotool},
	Year = {2014}}	
